
@article{viola2004robust,
  title={Robust real-time face detection},
  author={Viola, Paul and Jones, Michael J},
  journal={International journal of computer vision},
  volume={57},
  number={2},
  pages={137--154},
  year={2004},
  publisher={Springer}
}
@article{lowe1999object,
  title={Object recognition from local scale-invariant features},
  author={Lowe, David G},
  title={Computer vision, 1999. The proceedings of the seventh IEEE international conference on},
  volume={2},
  pages={1150--1157},
  year={1999},
  organization={Ieee}
}
@manual{RigidBodyWiki,
      title= {Rigid Body},
      organization= {https://en.wikipedia.org/wiki/Rigid\_body},
    }

@book{szeliski2010computer,
  title={Computer vision: algorithms and applications},
  author={Szeliski, Richard},
  year={2010},
  publisher={Springer Science \& Business Media}
}

@book{KubatMachineLearn,
  title={An Introduction to Machine Learning},
  author={Kubat, Miroslav},
  year={2015},
  publisher={Springer International Publishing Switzerland}
}

@manual{KDD2016,
      title= {KDD2016 Workshop},
      organization= {kddfashion2016.mybluemix.net},
    }
@manual{wolfram,
    title= {DeformableBody},
    organization= {http://scienceworld.wolfram.com/physics/DeformableBody.html},
    }
    
@inproceedings{Li\_ICRA2014,
title = {Recognition of Deformable Object Category and Pose},
author = {Yinxiao Li and Chih\-Fan Chen and Peter K. Allen},
booktitle = {Proceedings of the IEEE International Conference on Robotics and Automation \(ICRA\)},
year = {2014}
}
    
@inproceedings{krizhevsky2012imagenet,
  title={Imagenet classification with deep convolutional neural networks},
  author={Krizhevsky, Alex and Sutskever, Ilya and Hinton, Geoffrey E},
  booktitle={Advances in neural information processing systems},
  pages={1097--1105},
  year={2012}
}

@misc{LeonardoFully,
title={Artificial Intelligence},
author={Aurajosantos, Leonardo},
publisher={GitBook}
}
    
 @misc{RiverTrail,
title={Bringing Parallelism to the Web with River Trail},
organization={http://intellabs.github.io/RiverTrail/tutorial/}
}
 
  @misc{Imagenet,
title={Imagenet},
organization={http://www.image-net.org}
}
 @misc{Sobel,
title={Sobel Edge Detector},
organization={http://homepages.inf.ed.ac.uk/rbf/HIPR2/sobel.htm}
year={2003}
author={R. Fisher, S. Perkins, A. Walker and E. Wolfart.}
}  
@book{aurelienMachineLearning, 
    title={Hands-On Machine Learning with Scikit-Learn \& TensorFlow},
    subtitle={Concepts, Tools, and Techniques to Build Intelligent Systems},
    author={Aurelien, Geron},
    year={2017},
    publisher={O'Rielly Media, Inc.}
    }
    
@book{rosenfeld1976digital,
  title={Digital picture processing},
  author={Rosenfeld, Azriel},
  year={1976},
  publisher={Academic press}
}



